@Book{Bellman:1957,
  author =       "Bellman, Richard",
  title =        "Dynamic Programming",
  publisher =    "Princeton University Press",
  year =         "1957",
  address =   "Princeton, NJ, USA",
  edition =   "1",
  bib2html_rescat = "General RL"
}

@TECHREPORT{denardi2013rn,
  AUTHOR =        {R. {De Nardi}},
  TITLE =         {The QRSim Quadrotor Simulator},
  NUMBER =        {RN/13/08},
  INSTITUTION =   {Department of Computer Science, University College London},
  ADDRESS =       {Gower Street, London UK},
  MONTH =         {March},
  YEAR  =         {2013},
}


@article{tibshirani96regression,
  added-at = {2009-04-04T18:01:35.000+0200},
  author = {Tibshirani, R.},
  biburl = {http://www.bibsonomy.org/bibtex/290e648276aa6cd3c601e7c0a54366233/dieudonnew},
  interhash = {334927808d42a9a6bf8eae717fed41b3},
  intrahash = {90e648276aa6cd3c601e7c0a54366233},
  journal = {Journal of the Royal Statistical Society (Series B)},
  keywords = {imported},
  pages = {267-288},
  timestamp = {2009-04-04T18:01:35.000+0200},
  title = {Regression Shrinkage and Selection via the Lasso},
  volume = 58,
  year = 1996
}



@inproceedings{DBLP:conf/aistats/LeverS15,
  author    = {Guy Lever and
               Ronnie Stafford},
  title     = {Modelling Policies in MDPs in Reproducing Kernel Hilbert Space},
  booktitle = {Proceedings of the Eighteenth International Conference on Artificial
               Intelligence and Statistics, {AISTATS} 2015, San Diego, California,
               USA, May 9-12, 2015},
  year      = {2015},
  url       = {http://jmlr.org/proceedings/papers/v38/lever15.html},
  timestamp = {Thu, 07 May 2015 20:10:44 +0200},
  biburl    = {http://dblp.uni-trier.de/rec/bib/conf/aistats/LeverS15},
  bibsource = {dblp computer science bibliography, http://dblp.org}
}

@book{howard:dp,
  added-at = {2008-03-11T14:52:34.000+0100},
  address = {Cambridge, MA},
  author = {Howard, R. A.},
  biburl = {http://www.bibsonomy.org/bibtex/28b55f737ee6dd7800ffc7952a33bb6bd/idsia},
  citeulike-article-id = {2380352},
  interhash = {7eed9f4f6bd1f9ee063d80d0f732e48f},
  intrahash = {8b55f737ee6dd7800ffc7952a33bb6bd},
  keywords = {inaki},
  priority = {2},
  publisher = {MIT Press},
  timestamp = {2008-03-11T14:56:12.000+0100},
  title = {Dynamic Programming and Markov Processes},
  year = 1960
}

@article{DBLP:journals/jmlr/Zhang09,
  author    = {Tong Zhang},
  title     = {On the Consistency of Feature Selection using Greedy Least Squares
               Regression},
  journal   = {Journal of Machine Learning Research},
  volume    = {10},
  pages     = {555--568},
  year      = {2009},
  url       = {http://doi.acm.org/10.1145/1577069.1577088},
  doi       = {10.1145/1577069.1577088},
  timestamp = {Thu, 18 Apr 2013 17:48:31 +0200},
  biburl    = {http://dblp.uni-trier.de/rec/bib/journals/jmlr/Zhang09},
  bibsource = {dblp computer science bibliography, http://dblp.org}
}


@inproceedings{DBLP:conf/icml/DuchiSSC08,
  author    = {John C. Duchi and
               Shai Shalev{-}Shwartz and
               Yoram Singer and
               Tushar Chandra},
  title     = {Efficient projections onto the \emph{l}\({}_{\mbox{1}}\)-ball for
               learning in high dimensions},
  booktitle = {Machine Learning, Proceedings of the Twenty-Fifth International Conference
               {(ICML} 2008), Helsinki, Finland, June 5-9, 2008},
  pages     = {272--279},
  year      = {2008},
  url       = {http://doi.acm.org/10.1145/1390156.1390191},
  doi       = {10.1145/1390156.1390191},
  timestamp = {Sat, 21 Jan 2012 17:47:23 +0100},
  biburl    = {http://dblp.uni-trier.de/rec/bib/conf/icml/DuchiSSC08},
  bibsource = {dblp computer science bibliography, http://dblp.org}
}


@article{DBLP:journals/ftml/BoydPCPE11,
  author    = {Stephen P. Boyd and
               Neal Parikh and
               Eric Chu and
               Borja Peleato and
               Jonathan Eckstein},
  title     = {Distributed Optimization and Statistical Learning via the Alternating
               Direction Method of Multipliers},
  journal   = {Foundations and Trends in Machine Learning},
  volume    = {3},
  number    = {1},
  pages     = {1--122},
  year      = {2011},
  url       = {http://dx.doi.org/10.1561/2200000016},
  doi       = {10.1561/2200000016},
  timestamp = {Tue, 18 Dec 2012 09:37:49 +0100},
  biburl    = {http://dblp.uni-trier.de/rec/bib/journals/ftml/BoydPCPE11},
  bibsource = {dblp computer science bibliography, http://dblp.org}
}


@article{CsabaPersonalCommunication,
  author    = {Csaba Szepesv{\'{a}}ri},
  title     = {},
  journal   = {Personal Communication},
	year      = {2015}
}

@inproceedings{DBLP:conf/icml/BachJ05,
  author    = {Francis R. Bach and
               Michael I. Jordan},
  title     = {Predictive low-rank decomposition for kernel methods},
  booktitle = {Machine Learning, Proceedings of the Twenty-Second International Conference
               {(ICML} 2005), Bonn, Germany, August 7-11, 2005},
  pages     = {33--40},
  year      = {2005},
  url       = {http://doi.acm.org/10.1145/1102351.1102356},
  doi       = {10.1145/1102351.1102356},
  timestamp = {Mon, 22 Oct 2007 13:52:21 +0200},
  biburl    = {http://dblp.uni-trier.de/rec/bib/conf/icml/BachJ05},
  bibsource = {dblp computer science bibliography, http://dblp.org}
}

@inproceedings{DBLP:conf/nips/HussainS08,
  author    = {Zakria Hussain and
               John Shawe{-}Taylor},
  title     = {Theory of matching pursuit},
  booktitle = {Advances in Neural Information Processing Systems 21, Proceedings
               of the Twenty-Second Annual Conference on Neural Information Processing
               Systems, Vancouver, British Columbia, Canada, December 8-11, 2008},
  pages     = {721--728},
  year      = {2008},
  url       = {http://papers.nips.cc/paper/3612-theory-of-matching-pursuit},
  timestamp = {Thu, 11 Dec 2014 17:34:08 +0100},
  biburl    = {http://dblp.uni-trier.de/rec/bib/conf/nips/HussainS08},
  bibsource = {dblp computer science bibliography, http://dblp.org}
}


@article{DBLP:journals/ml/OrmoneitS02,
  author    = {Dirk Ormoneit and
               Saunak Sen},
  title     = {Kernel-Based Reinforcement Learning},
  journal   = {Machine Learning},
  volume    = {49},
  number    = {2-3},
  pages     = {161--178},
  year      = {2002},
  url       = {http://dx.doi.org/10.1023/A:1017928328829},
  doi       = {10.1023/A:1017928328829},
  timestamp = {Thu, 26 May 2011 15:25:22 +0200},
  biburl    = {http://dblp.uni-trier.de/rec/bib/journals/ml/OrmoneitS02},
  bibsource = {dblp computer science bibliography, http://dblp.org}
}

@ARTICLE{Nada:1964,
  AUTHOR = {Nadaraya, E. A.},
  TITLE = {On estimating regression},
  YEAR = {1964},
  JOURNAL = {Theory of Probability and its Applications},
  VOLUME = {9},
  PAGES = {141--142},
  KEYWORDS = {Asymptotics}
}

@ARTICLE{Wats:1964,
  AUTHOR = {Watson, Geoffrey S.},
  TITLE = {Smooth regression analysis},
  YEAR = {1964},
  JOURNAL = {Sankhy\=a Ser.},
  VOLUME = {26},
  PAGES = {359--372},
  KEYWORDS = {}
}

@inproceedings{DBLP:conf/aaai/KvetonT12,
  author    = {Branislav Kveton and
               Georgios Theocharous},
  title     = {Kernel-Based Reinforcement Learning on Representative States},
  booktitle = {Proceedings of the Twenty-Sixth {AAAI} Conference on Artificial Intelligence},
  year      = {2012},
  url       = {http://www.aaai.org/ocs/index.php/AAAI/AAAI12/paper/view/4967},
  timestamp = {Thu, 31 Jul 2014 11:17:14 +0200},
  biburl    = {http://dblp.uni-trier.de/rec/bib/conf/aaai/KvetonT12},
  bibsource = {dblp computer science bibliography, http://dblp.org}
}

@inproceedings{DBLP:conf/nips/BarretoPP11,
  author    = {Andr{\'{e}} da Motta Salles Barreto and
               Doina Precup and
               Joelle Pineau},
  title     = {Reinforcement Learning using Kernel-Based Stochastic Factorization},
  booktitle = {Advances in Neural Information Processing Systems 24},
  pages     = {720--728},
  year      = {2011},
  url       = {http://papers.nips.cc/paper/4217-reinforcement-learning-using-kernel-based-stochastic-factorization},
  timestamp = {Thu, 11 Dec 2014 17:34:08 +0100},
  biburl    = {http://dblp.uni-trier.de/rec/bib/conf/nips/BarretoPP11},
  bibsource = {dblp computer science bibliography, http://dblp.org}
}

@book{DBLP:books/daglib/0026002,
  author    = {John Shawe{-}Taylor and
               Nello Cristianini},
  title     = {Kernel Methods for Pattern Analysis},
  publisher = {Cambridge University Press},
  year      = {2004},
  url       = {http://www.cambridge.org/gb/knowledge/isbn/item1169757/Kernel%20Methods%20for%20Pattern%20Analysis/?site_locale=en_GB},
  isbn      = {978-0-521-81397-6},
  timestamp = {Thu, 05 May 2011 16:48:09 +0200},
  biburl    = {http://dblp.uni-trier.de/rec/bib/books/daglib/0026002},
  bibsource = {dblp computer science bibliography, http://dblp.org}
}



@inproceedings{DBLP:conf/adprl/YaoSPZ14,
  author    = {Hengshuai Yao and
               Csaba Szepesv{\'{a}}ri and
               Bernardo Avila Pires and
               Xinhua Zhang},
  title     = {Pseudo-MDPs and factored linear action models},
  booktitle = {2014 {IEEE} Symposium on Adaptive Dynamic Programming and Reinforcement},
  pages     = {1--9},
  year      = {2014},
  url       = {http://dx.doi.org/10.1109/ADPRL.2014.7010633},
  doi       = {10.1109/ADPRL.2014.7010633},
  timestamp = {Tue, 20 Jan 2015 13:46:59 +0100},
  biburl    = {http://dblp.uni-trier.de/rec/bib/conf/adprl/YaoSPZ14},
  bibsource = {dblp computer science bibliography, http://dblp.org}
}


@inproceedings{DBLP:conf/icml/KakadeL02,
  author    = {Sham Kakade and
               John Langford},
  title     = {Approximately Optimal Approximate Reinforcement Learning},
  booktitle = {Machine Learning, Proceedings of the Nineteenth International Conference
               {(ICML} 2002), University of New South Wales, Sydney, Australia, July
               8-12, 2002},
  year      = {2002},
  pages     = {267--274},
  timestamp = {Sun, 09 Nov 2014 23:01:51 +0100},
  biburl    = {http://dblp.uni-trier.de/rec/bib/conf/icml/KakadeL02},
  bibsource = {dblp computer science bibliography, http://dblp.org}
}

@article{DeFariasFixedPoints,
year={2000},
issn={0022-3239},
journal={Journal of Optimization Theory and Applications},
volume={105},
number={3},
doi={10.1023/A:1004641123405},
title={On the Existence of Fixed Points for Approximate Value Iteration and Temporal-Difference Learning},
url={http://dx.doi.org/10.1023/A%3A1004641123405},
publisher={Kluwer Academic Publishers-Plenum Publishers},
keywords={dynamic programming; neurodynamic programming; reinforcement learning; temporal-difference learning; value iteration},
author={De Farias, D.P. and Van Roy, B.},
pages={589-608},
language={English}
}

@inproceedings{DBLP:conf/uai/KollerP00,
  author    = {Daphne Koller and
               Ronald Parr},
  title     = {Policy Iteration for Factored MDPs},
  booktitle = {{UAI} '00: Proceedings of the 16th Conference in Uncertainty in Artificial
               Intelligence, Stanford University, Stanford, California, USA, June
               30 - July 3, 2000},
  year      = {2000},
  pages     = {326--334},
  url       = {http://uai.sis.pitt.edu/displayArticleDetails.jsp?mmnu=1&smnu=2&article_id=39&proceeding_id=16},
  timestamp = {Sun, 09 Nov 2014 23:02:51 +0100},
  biburl    = {http://dblp.uni-trier.de/rec/bib/conf/uai/KollerP00},
  bibsource = {dblp computer science bibliography, http://dblp.org}
}

@article{DBLP:journals/ml/SinghS96,
  author    = {Satinder P. Singh and
               Richard S. Sutton},
  title     = {Reinforcement Learning with Replacing Eligibility Traces},
  journal   = {Machine Learning},
  year      = {1996},
  volume    = {22},
  number    = {1-3},
  pages     = {123--158},
  url       = {http://dx.doi.org/10.1023/A:1018012322525},
  doi       = {10.1023/A:1018012322525},
  timestamp = {Wed, 22 Oct 2014 19:06:01 +0200},
  biburl    = {http://dblp.uni-trier.de/rec/bib/journals/ml/SinghS96},
  bibsource = {dblp computer science bibliography, http://dblp.org}
}

@inproceedings{DBLP:conf/pkdd/RamavajjalaE12,
  author    = {Vivek Ramavajjala and Charles Elkan},
  title     = {Policy Iteration Based on a Learned Transition Model},
  booktitle = {ECML/PKDD (2)},
  year      = {2012},
  pages     = {211-226},
  ee        = {http://dx.doi.org/10.1007/978-3-642-33486-3_14},
  bibsource = {DBLP, http://dblp.uni-trier.de}
}



@inproceedings{DBLP:conf/icml/Gordon95,
  author    = {Geoffrey J. Gordon},
  title     = {Stable Function Approximation in Dynamic Programming},
  booktitle = {ICML},
  year      = {1995},
  pages     = {261-268},
  bibsource = {DBLP, http://dblp.uni-trier.de}
}

@inproceedings{DBLP:conf/colt/Fiechter97,
  author    = {Claude{-}Nicolas Fiechter},
  title     = {{PAC} Adaptive Control of Linear Systems},
  booktitle = {Proceedings of the Tenth Annual Conference on Computational Learning
               Theory, {COLT} 1997, Nashville, Tennessee, USA, July 6-9, 1997.},
  year      = {1997},
  pages     = {72--80},
  crossref  = {DBLP:conf/colt/1997},
  url       = {http://doi.acm.org/10.1145/267460.267481},
  doi       = {10.1145/267460.267481},
  timestamp = {Sun, 19 Oct 2014 23:48:39 +0200},
  biburl    = {http://dblp.uni-trier.de/rec/bib/conf/colt/Fiechter97},
  bibsource = {dblp computer science bibliography, http://dblp.org}
}

@inproceedings{DBLP:conf/nips/StrehlL07,
  author    = {Alexander L. Strehl and
               Michael L. Littman},
  title     = {Online Linear Regression and Its Application to Model-Based Reinforcement
               Learning},
  booktitle = {Advances in Neural Information Processing Systems 20, Proceedings
               of the Twenty-First Annual Conference on Neural Information Processing
               Systems, Vancouver, British Columbia, Canada, December 3-6, 2007},
  year      = {2007},
  crossref  = {DBLP:conf/nips/2007},
  url       = {http://books.nips.cc/papers/files/nips20/NIPS2007_0631.pdf},
  timestamp = {Sun, 19 Oct 2014 23:45:36 +0200},
  biburl    = {http://dblp.uni-trier.de/rec/bib/conf/nips/StrehlL07},
  bibsource = {dblp computer science bibliography, http://dblp.org}
}

@inproceedings{DBLP:conf/icml/RossB12,
  author    = {St{\'e}phane Ross and
               Drew Bagnell},
  title     = {Agnostic System Identification for Model-Based Reinforcement
               Learning},
  booktitle = {ICML},
  year      = {2012},
  ee        = {http://icml.cc/discuss/2012/833.html},
  crossref  = {DBLP:conf/icml/2012},
  bibsource = {DBLP, http://dblp.uni-trier.de}
}

@book{BertsekasDynamic,
 author = {Bertsekas, Dimitri P.},
 title = {Dynamic Programming and Optimal Control},
 year = {2012},
 volume = {2},
 edition = {4th},
 publisher = {Athena Scientific},
}

@inproceedings{DBLP:conf/icml/Painter-WakefieldP12,
  author    = {Christopher Painter-Wakefield and
               Ronald Parr},
  title     = {Greedy Algorithms for Sparse Reinforcement Learning},
  booktitle = {ICML},
  year      = {2012},
  ee        = {http://icml.cc/discuss/2012/701.html},
  bibsource = {DBLP, http://dblp.uni-trier.de}
}

@article{DBLP:journals/tsp/MallatZ93,
  author    = {St{\'e}phane Mallat and
               Zhifeng Zhang},
  title     = {Matching pursuits with time-frequency dictionaries},
  journal   = {IEEE Transactions on Signal Processing},
  volume    = {41},
  number    = {12},
  year      = {1993},
  pages     = {3397-3415},
  ee        = {http://dx.doi.org/10.1109/78.258082},
  bibsource = {DBLP, http://dblp.uni-trier.de}
}

@article{DBLP:journals/ml/VincentB02,
  author    = {Pascal Vincent and
               Yoshua Bengio},
  title     = {Kernel Matching Pursuit},
  journal   = {Machine Learning},
  volume    = {48},
  number    = {1-3},
  year      = {2002},
  pages     = {165-187},
  ee        = {http://dx.doi.org/10.1023/A:1013955821559},
  bibsource = {DBLP, http://dblp.uni-trier.de}
}

@article{DBLP:journals/ml/BradtkeB96,
  author    = {Steven J. Bradtke and
               Andrew G. Barto},
  title     = {Linear Least-Squares Algorithms for Temporal Difference
               Learning},
  journal   = {Machine Learning},
  volume    = {22},
  number    = {1-3},
  year      = {1996},
  pages     = {33-57},
  ee        = {http://dx.doi.org/10.1023/A:1018056104778},
  bibsource = {DBLP, http://dblp.uni-trier.de}
}

@inproceedings{DBLP:conf/icml/ParrLTPL08,
  author    = {Ronald Parr and
               Lihong Li and
               Gavin Taylor and
               Christopher Painter-Wakefield and
               Michael L. Littman},
  title     = {An analysis of linear models, linear value-function approximation,
               and feature selection for reinforcement learning},
  booktitle = {ICML},
  year      = {2008},
  pages     = {752-759},
  ee        = {http://doi.acm.org/10.1145/1390156.1390251},
  bibsource = {DBLP, http://dblp.uni-trier.de}
}

@article{DBLP:journals/jmlr/LagoudakisP03,
  author    = {Michail G. Lagoudakis and
               Ronald Parr},
  title     = {Least-Squares Policy Iteration},
  journal   = {Journal of Machine Learning Research},
  volume    = {4},
  year      = {2003},
  pages     = {1107-1149},
  ee        = {http://www.jmlr.org/papers/v4/lagoudakis03a.html},
  bibsource = {DBLP, http://dblp.uni-trier.de}
}

@inproceedings{DBLP:conf/nips/SuttonMSM99,
  author    = {Richard S. Sutton and
               David A. McAllester and
               Satinder P. Singh and
               Yishay Mansour},
  title     = {Policy Gradient Methods for Reinforcement Learning with
               Function Approximation},
  booktitle = {NIPS},
  year      = {1999},
  pages     = {1057-1063},
  ee        = {http://nips.djvuzone.org/djvu/nips12/1057.djvu},
  bibsource = {DBLP, http://dblp.uni-trier.de}
}

@inproceedings{DBLP:conf/icml/Baird95,
  author    = {Leemon C. Baird},
  title     = {Residual Algorithms: Reinforcement Learning with Function
               Approximation},
  booktitle = {ICML},
  year      = {1995},
  pages     = {30-37},
  bibsource = {DBLP, http://dblp.uni-trier.de}
}

@article{BertsekasApproximate,
year={2011},
journal={Journal of Control Theory and Applications},
volume={9},
number={3},
doi={10.1007/s11768-011-1005-3},
title={Approximate policy iteration: a survey and some new methods},
publisher={South China University of Technology and Academy of Mathematics and Systems Science, CAS},
keywords={Dynamic programming; Policy iteration; Projected equation; Aggregation; Chattering; Regularization},
author={Bertsekas, Dimitri P.},
pages={310-335},
language={English}
}


@inproceedings{DBLP:conf/nips/Wagner13,
  author    = {Paul Wagner},
  title     = {Optimistic policy iteration and natural actor-critic: A
               unifying view and a non-optimality result},
  booktitle = {NIPS},
  year      = {2013},
  pages     = {1592-1600},
  ee        = {http://papers.nips.cc/paper/5188-optimistic-policy-iteration-and-natural-actor-critic-a-unifying-view-and-a-non-optimality-result},
  crossref  = {DBLP:conf/nips/2013},
  bibsource = {DBLP, http://dblp.uni-trier.de}
}

@inproceedings{DBLP:conf/nips/KroemerP11,
  author    = {Oliver Kroemer and
               Jan Peters},
  title     = {A Non-Parametric Approach to Dynamic Programming},
  booktitle = {NIPS},
  year      = {2011},
  pages     = {1719-1727},
  ee        = {http://books.nips.cc/papers/files/nips24/NIPS2011_0974.pdf},
  bibsource = {DBLP, http://dblp.uni-trier.de}
}


@article{DBLP:journals/neco/Girosi98,
  author    = {Federico Girosi},
  title     = {An Equivalence Between Sparse Approximation And Support
               Vector Machines},
  journal   = {Neural Computation},
  volume    = {10},
  number    = {6},
  year      = {1998},
  pages     = {1455-1480},
  bibsource = {DBLP, http://dblp.uni-trier.de}
}


@book{SzepesvariAlgorithms,
  author    = {Szepesvari},
  title     = {Algorithms for reinforcement learning},
  year      = {2009},
}

@inproceedings{DBLP:conf/icml/SongHSF09,
  author    = {Le Song and
               Jonathan Huang and
               Alexander J. Smola and
               Kenji Fukumizu},
  title     = {Hilbert space embeddings of conditional distributions with
               applications to dynamical systems},
  booktitle = {ICML},
  year      = {2009},
  pages     = {121},
  ee        = {http://doi.acm.org/10.1145/1553374.1553497},
  bibsource = {DBLP, http://dblp.uni-trier.de}
}

@article{DBLP:journals/jmlr/SongGG10,
  author    = {Le Song and
               Arthur Gretton and
               Carlos Guestrin},
  title     = {Nonparametric Tree Graphical Models},
  journal   = {Journal of Machine Learning Research - Proceedings Track},
  volume    = {9},
  year      = {2010},
  pages     = {765-772},
  ee        = {http://www.jmlr.org/proceedings/papers/v9/song10a.html},
  bibsource = {DBLP, http://dblp.uni-trier.de}
}






@article{DBLP:journals/neco/MicchelliP05,
  author    = {Charles A. Micchelli and
               Massimiliano Pontil},
  title     = {On Learning Vector-Valued Functions},
  journal   = {Neural Computation},
  volume    = {17},
  number    = {1},
  year      = {2005},
  pages     = {177-204},
  ee        = {http://neco.mitpress.org/cgi/content/abstract/17/1/177},
  bibsource = {DBLP, http://dblp.uni-trier.de}
}

@inproceedings{GrunewalderEmbeddingsRegression,
  author    = {Steffen Gr{\"u}new{\"a}lder and
               Guy Lever and
               Luca Baldassarre and
               Sam Patterson and
               Arthur Gretton and
               Massimiliano Pontil},
  title     = {Conditional mean embeddings as regressors},
  booktitle = {ICML},
  year      = {2012},
  pages     = {},
  ee        = {},
  bibsource = {}
}



@inproceedings{DBLP:conf/icml/DeisenrothR11,
  author    = {Marc Peter Deisenroth and
               Carl Edward Rasmussen},
  title     = {PILCO: A Model-Based and Data-Efficient Approach to Policy
               Search},
  booktitle = {ICML},
  year      = {2011},
  pages     = {465-472},
  bibsource = {DBLP, http://dblp.uni-trier.de}
}

@inproceedings{DBLP:conf/nips/GhavamzadehE06,
  author    = {Mohammad Ghavamzadeh and
               Yaakov Engel},
  title     = {Bayesian Policy Gradient Algorithms},
  booktitle = {NIPS},
  year      = {2006},
  pages     = {457-464},
  ee        = {http://books.nips.cc/papers/files/nips19/NIPS2006_0865.pdf},
  crossref  = {DBLP:conf/nips/2006},
  bibsource = {DBLP, http://dblp.uni-trier.de}
}

@inproceedings{DBLP:conf/nips/CarpentierM11,
  author    = {Alexandra Carpentier and
               R{\'e}mi Munos},
  title     = {Finite Time Analysis of Stratified Sampling for Monte Carlo},
  booktitle = {NIPS},
  year      = {2011},
  pages     = {1278-1286},
  ee        = {http://books.nips.cc/papers/files/nips24/NIPS2011_0754.pdf},
  crossref  = {DBLP:conf/nips/2011},
  bibsource = {DBLP, http://dblp.uni-trier.de}
}


@inproceedings{GrunewalderEmbeddingsMDP,
  author    = {Steffen Gr{\"u}new{\"a}lder and
               Guy Lever and
               Luca Baldassarre and
               Massimiliano Pontil and
               Arthur Gretton},
  title     = {Modelling transition dynamics in MDPs with RKHS embeddings},
  booktitle = {ICML},
  year      = {2012},
  pages     = {},
  ee        = {},
  bibsource = {}
}


@book{BER04,
	author = {Alain Berlinet and Christine Thomas},
	title = {Reproducing kernel Hilbert spaces in Probability and Statistics}, 
	publisher = {Kluwer Academic Publishers}, 
	year = {2004}
	}

@article{CAP07,
  author    = {Andrea Caponnetto and
               Ernesto De Vito},
  title     = {Optimal Rates for the Regularized Least-Squares Algorithm},
  journal   = {Foundations of Computational Mathematics},
  volume    = {7},
  number    = {3},
  year      = {2007},
  pages     = {331-368},
  ee        = {http://dx.doi.org/10.1007/s10208-006-0196-8},
  bibsource = {DBLP, http://dblp.uni-trier.de}
}